
@Book{Rumelhart,
  author =    "D. Rumelhart and J. McClelland",
  title =     "Parallel Distributed Processing",
  publisher = "MIT Press, Cambridge, MA",
  year =      1986
}

@Article         {heli1,
        author = {R. Marabini and J.M. Carazo},
         title = {Pattern recognition and classification of images of
                  biological macromolecules using artificial neural networks.},
       journal = {Biophysics Journal, 66:1904-1814},
          year = 1994
}

